<record><leader>00000cas a22000007a 4500</leader><controlfield tag="001">9836685</controlfield><controlfield tag="008">830823d18481851mauwr ne      0    0eng d</controlfield><datafield ind1=" " ind2=" " tag="010"><subfield code="a">sn 83021130 </subfield></datafield><datafield ind1=" " ind2=" " tag="040"><subfield code="a">NPX</subfield><subfield code="b">eng</subfield><subfield code="c">NPX</subfield><subfield code="d">NPA</subfield><subfield code="d">MGN</subfield><subfield code="d">OCLCQ</subfield><subfield code="d">KRTAS</subfield><subfield code="d">OCLCQ</subfield></datafield><datafield ind1=" " ind2=" " tag="042"><subfield code="a">msc</subfield></datafield><datafield ind1=" " ind2=" " tag="043"><subfield code="a">n-us-ma</subfield></datafield><datafield ind1=" " ind2="4" tag="050"><subfield code="a">AN2</subfield><subfield code="b">.B6 A5</subfield></datafield><datafield ind1="0" ind2="0" tag="245"><subfield code="a">American cabinet and Boston athenaeum.</subfield></datafield><datafield ind1="1" ind2="3" tag="246"><subfield code="a">Cabinet and athenaeum</subfield></datafield><datafield ind1=" " ind2=" " tag="260"><subfield code="a">Boston [Mass.] :</subfield><subfield code="b">H. Mason &amp; Co.,</subfield><subfield code="c">-1851.</subfield></datafield><datafield ind1=" " ind2=" " tag="300"><subfield code="a">v. :</subfield><subfield code="b">ill. ;</subfield><subfield code="c">69 cm.</subfield></datafield><datafield ind1=" " ind2=" " tag="310"><subfield code="a">Weekly</subfield></datafield><datafield ind1="1" ind2=" " tag="362"><subfield code="a">Began Jan. 7, 1848.</subfield></datafield><datafield ind1="0" ind2=" " tag="362"><subfield code="a">-v. 7, no. 3 (July 19, 1851).</subfield></datafield><datafield ind1=" " ind2=" " tag="500"><subfield code="a">Publishers: H. Mason, &lt;Apr. 28, 1849&gt;-Feb. 15, 1851; W. Williams, Feb. 23-July 19, 1851.</subfield></datafield><datafield ind1=" " ind2=" " tag="500"><subfield code="a">Editors: H. Mason, &lt;Apr. 8, 1848-&gt;; H. Mason, &lt;Apr. 28, 1849&gt;-Feb. 15, 1851; M.M. Dean, &lt;Apr. 8, 1848&gt;-Feb. 15, 1851; J.T. Sabine, &lt;Apr. 8, 1848-Mar. 1849&gt;; W. Williams, Feb. 18-July 19, 1851.</subfield></datafield><datafield ind1=" " ind2=" " tag="515"><subfield code="a">Has dual numbering system, &lt;Apr. 8, 1848-Dec. 8, 1849&gt;.</subfield></datafield><datafield ind1=" " ind2=" " tag="515"><subfield code="a">Volumes have 26 numbers each, with continuous pagination within volumes, &lt;June 15, 1850&gt;-1851.</subfield></datafield><datafield ind1=" " ind2=" " tag="588"><subfield code="a">Description based on: Cabinet, vol. 1, no. 14 (Apr. 8, 1848) = Atheneaum, v. 3, no. 28.</subfield></datafield><datafield ind1=" " ind2=" " tag="752"><subfield code="a">United States</subfield><subfield code="b">Massachusetts</subfield><subfield code="c">Suffolk</subfield><subfield code="d">Boston.</subfield></datafield><datafield ind1="0" ind2="7" tag="785"><subfield code="t">Farmer and mechanic</subfield><subfield code="w">(OCoLC)1568908</subfield></datafield><datafield ind1="0" ind2="7" tag="785"><subfield code="t">Farmer and mechanic and American cabinet of mechanics, manufactures, new inventions, science, agriculture, and the arts</subfield><subfield code="w">(OCoLC)2261022</subfield></datafield><datafield ind1=" " ind2=" " tag="938"><subfield code="a">Kirtas Technologies, Inc.</subfield><subfield code="b">KRTS</subfield><subfield code="n">737319</subfield></datafield></record>